@article{Nong11,
	title={{Two Efficient Algorithms for Linear Time Suffix Array Construction}},
	author={G.~Nong and S.~Zhang and W.~H.~Chan},
	journal={IEEE Transactions on Computers},
	volume={60},
	number={10},
	month ={October},
	year={2011},
	pages={1471-1484},
}

@article {Nong15,
	author = {G.~Nong and W.~H.~Chan and S.~Q.~Hu and Y.~Wu},
	title = {{Induced Sorting Suffixes in External Memory}},
	journal = {ACM Transactions on Information Systems},
	volume = {33},
	number = {3},
	month = {March},
	year = {2015},
	pages = {12:1-12:15},
}

@article {Nong14,
	author = {G.~Nong and W.~H.~Chan and S.~Zhang and X.~F.~Guan},
	title = {{Suffix Array Construction in External Memory Using D-Critical Substrings}},
	journal = {ACM Transactions on Information Systems},
	volume = {32},
	number = {1},
	month = {January},
	year = {2014},
	pages = {1:1-1:15},
}

@inproceedings{Karkkainen2014,
	author = {J.~K\"{a}rkk\"{a}inen and D.~Kempa},
	title = {{Engineering a Lightweight External Memory Suffix Array Construction Algorithm}},
	booktitle = {Proceedings of the 2nd International Conference on Algorithms for Big Data},
	month = {April},
	year = {2014},
	address = {Palermo, Italy},
	pages = {53-60}
}

@inproceedings{Liu2015,
	author = {W.~J.~Liu and G.~Nong and W.~H.~Chan and Y.~Wu},
	title = {{Induced Sorting Suffixes in External Memory with Better Design and Less Space}},
	booktitle = {Proceedings of the 22nd International Symposium on String Processing and Information Retrieval},
	month = {September},
	year = {2015},
	address = {London, UK},
	pages = {83-94}
}

@inproceedings{Karkkainen2015,
	author = {J.~K\"{a}rkk\"{a}inen and D.~Kempa and S.~J.~Puglisi},
	title = {{Parallel External Memory Suffix Sorting}},
	booktitle = {In proceedings of the 26th Annual Symposium on Combinatorial Pattern Matching},
	month = {July},
	year = {2015},
	address = {Ischia Island, Italy},
	pages = {329-342}
}