@article{Manber1993,
title = {{Suffix Arrays: A New Method for On-line String Searches}},
author = {U.~Manber and G.~Myers},
journal = {SIAM Journal on Computing},
volume = {22},
number = {5},
year = {1993},
pages = {935-948}
}

@article{Abouelhodaa2004,
  title={{Replacing Suffix Trees with Enhanced Suffix Arrays}},
  author={M.~Abouelhodaa and S.~Kurtzb and E.~Ohlebuscha},
  journal={Journal of Discrete Algorithms},
  volume={2},
  number={1},
  month ={November},
  year={2004},
  pages={53-86}
}

@article{Dementiev2008a,
    author = {R.~Dementiev and J.~K\"{a}rk\"{a}inen and J.~Mehnert and P.~Sanders},
    title = {{Better External Memory Suffix Array Construction}},
    journal = {ACM Journal of Experimental Algorithmics},
    volume = {12},
    number = {3},
    month = {August},
    year = {2008},
    pages = {4:1-4:24}
}

@article{Ferragina2012,
	author = {P.~Ferragina and T.~Gagie and G.~Manzini},
	title = {{Lightweight Data Indexing and Compression in External Memory}},
	journal = {Algorithmica},
	volume = {63},
	number = {3},
	mongth = {June},
	year = {2012},
	pages = {707-730}
}

@inproceedings{Karkkainen2014,
	author = {J.~K\"{a}rkk\"{a}inen and D.~Kempa},
	title = {{Engineering a Lightweight External Memory Suffix Array Construction Algorithm}},
	booktitle = {Proceedings of the 2nd International Conference on Algorithms for Big Data},
	month = {April},
	year = {2014},
	address = {Palermo, Italy},
	pages = {53-60}
}

@inproceedings{Karkkainen2015,
	author = {J.~K\"{a}rkk\"{a}inen and D.~Kempa and S.~J.~Puglisi},
	title = {{Parallel External Memory Suffix Sorting}},
	booktitle = {Proceedings of the 26th Annual Symposium on Combinatorial Pattern Matching},
	month = {July},
	year = {2015},
	address = {Ischia Island, Italy},
	pages = {329-342}
}

@inproceedings{Bingmann2013,
	author = {T.~Bingmann and J.~Fischer and V.~Osipov},
	title = {{Inducing Suffix and LCP Arrays in External Memory}},
	booktitle = {Proceedings of the Meeting on Algorithm Engineering and Experiments},
	month = {January},
	year = {2013},
	address = {Louisiana, USA},
	pages = {88-102}
}

@article {Nong2014,
	author = {G.~Nong and W.~H.~Chan and S.~Zhang and X.~F.~Guan},
	title = {{Suffix Array Construction in External Memory Using D-Critical Substrings}},
	journal = {ACM Transactions on Information Systems},
	volume = {32},
	number = {1},
	month = {January},
	year = {2014},
	pages = {1:1-1:15}
}

@article {Nong2015,
	author = {G.~Nong and W.~H.~Chan and S.~Q.~Hu and Y.~Wu},
	title = {{Induced Sorting Suffixes in External Memory}},
	journal = {ACM Transactions on Information Systems},
	volume = {33},
	number = {3},
	month = {March},
	year = {2015},
	pages = {12:1-12:15}
}

@article{Puglisi2007,
	title = {{A Taxonomy of Suffix Array Construction Algorithms}},
	author = {S.~J.~Puglisi and W.~F.~Smyth and A.~H.~Turpin},
	journal = {ACM Computing Surveys},
	volume = {39},
	number = {2},
	pages = {1-31},
	year = {2007}
}

@article{Nong2011,
	title = {{Two Efficient Algorithms for Linear Time Suffix Array Construction}},
	author = {G.~Nong and S.~Zhang and S.~Chan},
	journal = {IEEE Transactions on Computers},
	volume = {60},
	number = {10},
	pages = {1471-1484},
	year = {2011}
}

@inproceedings{Liu2015,
	author = {W.~J.~Liu and G.~Nong and W.~H.~Chan and Y.~Wu},
	title = {{Induced Sorting Suffixes in External Memory with Better Design and Less Space}},
	booktitle = {Proceedings of the 22nd International Symposium on String Processing and Information Retrieval},
	month = {September},
	year = {2015},
	address = {London, UK},
	pages = {83-94}
}

@article {Dementiev2008b,
	author = {Dementiev, R. and Kettner, L. and Sanders, P.},
	title = {{{STXXL}: Standard Template Library for {XXL} Data Sets}},
	journal = {Software: Practice and Experience},
	volume = {38},
	number = {6},
	pages = {589--637},
	year = {2008}
}

@inproceedings{Karkkainen2003,
	author = {S.~Burkhardt and J.~K\"{a}rkk\"{a}inen},
	title = {{Fast lightweight suffix array construction and checking}},
	booktitle = {Proceedings of the 14th Annual Symposium on Combinatorial Pattern Matching},
	month = {June},
	year = {2003},
	address = {Morelia, Mexico},
	pages = {25-27}
}

@article{Karp1987,
	title={{Efficient Randomized Pattern Matching Algorithms}},
	author={R.~Karp and M.~Rabin},
	journal={IBM Journal of Research and Development},
	volume={31},
	number={2},
	month = {March},
	year={1987},
	pages={249-260},
}